% Encoding: UTF-8
% https://scholarship.law.berkeley.edu/cgi/viewcontent.cgi?article=2126&context=btlj

@Article{Brodsky2016,
  author  = {Jessica S. Brodsky},
  title   = {{AUTONOMOUS VEHICLE REGULATION: HOW AN UNCERTAIN LEGAL LANDSCAPE MAY HIT THE BRAKES ON SELF-DRIVING CARS.}},
  journal = {Berkeley Technology Law Journal},
  year    = {2016},
  pages   = {851-877},
}

@Misc{NHTSA2019,
  author      = {{National Highway Traffic Safety Administration}},
  title       = {{The Evolution of Automated Safety Technologies}},
  month       = {February},
  year        = {2019},
  day         = {6},
  shortauthor = {NHTSA},
  url         = {https://www.nhtsa.gov/technology-innovation/automated-vehicles-safety},
}

@Misc{Nvidia2018,
  author = {Nvidia},
  title  = {{SELF-DRIVING SAFETY REPORT}},
  year   = {2018},
  url    = {https://www.nvidia.com/content/dam/en-zz/Solutions/self-driving-cars/safety-report/NVIDIA-Self-Driving-Safety-Report-2018.pdf},
}

% https://www.pewinternet.org/2014/08/06/future-of-jobs/

@Misc{Smith2014,
  author    = {Aaron Smith and Janna Anderson},
  title     = {{AI, Robotics, and the Future of Jobs.}},
  year      = {2014},
  publisher = {Pew Research Center},
  url       = {https://www.pewinternet.org/2014/08/06/future-of-jobs/},
}

% https://www.semanticscholar.org/paper/Rage-against-the-machine-Google's-self-driving-cars-Teoh-Kidd/f15d2149980c5f2142eef10570fc6e591ecd1d9c

@Article{Teoh2017,
  author  = {Eric R. Teoh and David G. Kidd},
  title   = {{Rage against the machine? Google's self-driving cars versus human drivers.}},
  journal = {Journal Of Safety Research},
  year    = {2017},
  pages   = {57-60},
}

% https://www.sciencedirect.com/science/article/pii/S016604621630182X

@Article{Zakharenko2016,
  author  = {Roman Zakharenko},
  title   = {Self-driving cars will change cities},
  journal = {Regional Science and Urban Economics},
  year    = {2016},
  pages   = {26-37},
}

@Article{Mayersohn2018,
  author  = {Norman Mayersohn},
  title   = {Through All the Hype, Self-Driving Cars Remain Elusive},
  journal = {The New York Times},
  year    = {2018},
  month   = {Nov},
  url     = {https://www.nytimes.com/2018/11/27/business/self-driving-cars-autonomous-vehicles.html},
}

@Book{Goodfellow2016,
  title     = {{Deep Learning}},
  publisher = {The MIT Press},
  year      = {2016},
  author    = {Ian Goodfellow and Yoshua Bengio and Aaron Courville},
}

@Misc{DARPA2014,
  author      = {{Defense Advanced Research Projects Agency}},
  title       = {{The DARPA Grand Challenge: Ten Years Later}},
  month       = {Mar},
  year        = {2014},
  day         = {13},
  shortauthor = {DARPA},
  url         = {https://www.darpa.mil/news-events/2014-03-13},
}

@Misc{Davies2018a,
  author  = {Alex Davies},
  title   = {{THE WIRED GUIDE TO SELF-DRIVING CARS}},
  month   = {Dec},
  year    = {2018},
  day     = {13},
  journal = {Wired},
  url     = {https://www.wired.com/story/guide-self-driving-cars/},
}

@Misc{Davies2018,
  author  = {Alex Davies},
  title   = {{AMERICANS CAN'T HAVE AUDI'S SUPER CAPABLE SELF-DRIVING SYSTEM}},
  month   = {May},
  year    = {2018},
  day     = {15},
  jorunal = {Wired},
  url     = {https://www.wired.com/story/audi-self-driving-traffic-jam-pilot-a8-2019-availablility/},
}

@Misc{SAEInternational2018,
  author      = {{SAE International}},
  title       = {{SAE International Releases Updated Visual Chart for Its “Levels of Driving Automation” Standard for Self-Driving Vehicles}},
  month       = {Dec},
  year        = {2018},
  shortauthor = {SAE},
  url         = {https://www.sae.org/news/press-room/2018/12/sae-international-releases-updated-visual-chart-for-its-%E2%80%9Clevels-of-driving-automation%E2%80%9D-standard-for-self-driving-vehicles},
}

@Misc{FMCSA2015,
  author      = {{Federal Motor Carrier Safety Administration}},
  title       = {{Interstate Truck Driver’s Guide to Hours of Service}},
  month       = {Mar},
  year        = {2015},
  shortauthor = {FMCSA},
  url         = {https://www.fmcsa.dot.gov/sites/fmcsa.dot.gov/files/docs/Drivers%20Guide%20to%20HOS%202015_508.pdf},
}

@Misc{BTS2018,
  author      = {{Bureau of Transportation Statistics}},
  title       = {{Transportation Employment}},
  month       = {Jan},
  year        = {2018},
  day         = {8},
  shortauthor = {BTS},
  url         = {https://www.bts.gov/browse-statistical-products-and-data/transportation-economic-trends/tet-2017-chapter-4},
}

@Article{Worland2016,
  author  = {Justin Worland},
  title   = {{Self-Driving Cars Could Help Save the Environment—Or Ruin It. It Depends on Us}},
  journal = {Time Magazine},
  year    = {2016},
  month   = {Sep},
  day     = {8},
  url     = {http://time.com/4476614/self-driving-cars-environment/},
}

@Article{Hawkins2018,
  author  = {Andrew J. Hawkins},
  title   = {Waymo’s fleet of self-driving minivans is about to get 100 times bigger},
  journal = {The Verge},
  year    = {2018},
  month   = {May},
  day     = {31},
  url     = {https://www.theverge.com/2018/5/31/17412908/waymo-chrysler-pacifica-minvan-self-driving-fleet},
}

@Comment{jabref-meta: databaseType:bibtex;}
